
%----------------------------------------------------%
%--------------------- Overview ---------------------%
%----------------------------------------------------%

@book{markey2012physics,
  title =        {Physics of mammographic imaging},
  author =       {Markey, Mia K},
  year =         2012,
  publisher =    {Taylor \& Francis}
}

%----------------------------------------------------%
%---------------- Power-law Gaussian ----------------%
%----------------------------------------------------%

@inproceedings{burgess1999mammographic,
  title =        {Mammographic structure: Data preparation and spatial
                  statistics analysis},
  author =       {Burgess, Arthur E},
  booktitle =    {Medical Imaging'99},
  pages =        {642--653},
  year =         1999,
  organization = {International Society for Optics and Photonics}
}

@article{reiser2013validation,
  title =        {Validation of a power-law noise model for simulating
                  small-scale breast tissue},
  author =       {Reiser, I and Edwards, A and Nishikawa, RM},
  journal =      {Physics in medicine and biology},
  volume =       58,
  number =       17,
  pages =        6011,
  year =         2013,
  publisher =    {IOP Publishing}
}

@article{lau2012statistically,
  title =        {A statistically defined anthropomorphic software
                  breast phantom},
  author =       {Lau, Beverly A and Reiser, Ingrid and Nishikawa,
                  Robert M and Bakic, Predrag R},
  journal =      {Medical physics},
  volume =       39,
  number =       6,
  pages =        {3375--3385},
  year =         2012,
  publisher =    {Wiley Online Library}
}

%----------------------------------------------------%
%--------------- Fractional Brownian ----------------%
%----------------------------------------------------%

@inproceedings{bierme2009anisotropic,
  title =        {Anisotropic texture modeling and applications to
                  medical image analysis},
  author =       {Bierm{\'e}, Hermine and Richard, Fr{\'e}d{\'e}ric
                  and Rachidi, Mouna and Benhamou, Claude-Laurent},
  booktitle =    {ESAIM: Proceedings},
  volume =       26,
  pages =        {100--122},
  year =         2009,
  organization = {EDP Sciences}
}

@article{bliznakova2010evaluation,
  title =        {Evaluation of an improved algorithm for producing
                  realistic 3D breast software phantoms: Application
                  for mammography},
  author =       {Bliznakova, K and Suryanarayanan, Sankararaman and
                  Karellas, Andrew and Pallikarakis, N},
  journal =      {Medical physics},
  volume =       37,
  number =       11,
  pages =        {5604--5617},
  year =         2010,
  publisher =    {Wiley Online Library}
}

%----------------------------------------------------%
%-------------- Fractal Perlin noise ----------------%
%----------------------------------------------------%

@inproceedings{dustler2015application,
  title =        {Application of the fractal Perlin noise algorithm
                  for the generation of simulated breast tissue},
  author =       {Dustler, Magnus and Bakic, Predrag and Petersson,
                  Hannie and Timberg, Pontus and Tingberg, Anders and
                  Zackrisson, Sophia},
  booktitle =    {SPIE Medical Imaging},
  pages =        {94123E--94123E},
  year =         2015,
  organization = {International Society for Optics and Photonics}
}

%----------------------------------------------------%
%--------------- Clustered lumpy bg -----------------%
%----------------------------------------------------%

@article{rolland1992effect,
  title =        {Effect of random background inhomogeneity on
                  observer detection performance},
  author =       {Rolland, JP and Barrett, Harrison H},
  journal =      {JOSA A},
  volume =       9,
  number =       5,
  pages =        {649--658},
  year =         1992,
  publisher =    {Optical Society of America}
}

@article{liang2008image,
  title =        {Image browsing in slow medical liquid crystal
                  displays},
  author =       {Liang, Hongye and Park, Subok and Gallas, Brandon D
                  and Myers, Kyle J and Badano, Aldo},
  journal =      {Academic radiology},
  volume =       15,
  number =       3,
  pages =        {370--382},
  year =         2008,
  publisher =    {Elsevier}
}

@inproceedings{hill2011design,
  title =        {Design and validation of a mathematical breast
                  phantom for contrast-enhanced digital mammography},
  author =       {Hill, Melissa L and Mainprize, James G and Jong,
                  Roberta A and Yaffe, Martin J},
  booktitle =    {SPIE Medical Imaging},
  pages =        {79615E--79615E},
  year =         2011,
  organization = {International Society for Optics and Photonics}
}

@article{zysk2012adaptation,
  title =        {Adaptation of a clustered lumpy background model for
                  task-based image quality assessment in x-ray
                  phase-contrast mammography},
  author =       {Zysk, Adam M and Brankov, Jovan G and Wernick, Miles
                  N and Anastasio, Mark A},
  journal =      {Medical physics},
  volume =       39,
  number =       2,
  pages =        {906--911},
  year =         2012,
  publisher =    {Wiley Online Library}
}

@phdthesis{galerne2010stochastic,
  title =        {Stochastic image models and texture synthesis},
  author =       {Galerne, Bruno},
  year =         2010,
  school =       {{\'E}cole normale sup{\'e}rieure de Cachan-ENS
                  Cachan}
}

%----------------------------------------------------%
%------------------ EMP based -----------------%
%----------------------------------------------------%

@article{li2009methodology,
  title =        {Methodology for generating a 3D computerized breast
                  phantom from empirical data},
  author =       {Li, Christina M and Segars, W Paul and Tourassi,
                  Georgia D and Boone, John M and Dobbins, James T},
  journal =      {Medical physics},
  volume =       36,
  number =       7,
  pages =        {3122--3131},
  year =         2009,
  publisher =    {Wiley Online Library}
}

@article{hsu2013generation,
  title =        {Generation of a suite of 3D computer-generated
                  breast phantoms from a limited set of human subject
                  data},
  author =       {Hsu, Christina ML and Palmeri, Mark L and Segars, W
                  Paul and Veress, Alexander I and Dobbins, James T},
  journal =      {Medical physics},
  volume =       40,
  number =       4,
  year =         2013,
  publisher =    {Wiley Online Library}
}

%----------------------------------------------------%
%---------------- Voxelized geometric ---------------%
%----------------------------------------------------%

@article{bakic2002mammogram1,
  title =        {Mammogram synthesis using a 3D simulation. I. Breast
                  tissue model and image acquisition simulation},
  author =       {Bakic, Predrag R and Albert, Michael and Brzakovic,
                  Dragana and Maidment, Andrew DA},
  journal =      {Medical physics},
  volume =       29,
  number =       9,
  pages =        {2131--2139},
  year =         2002,
  publisher =    {Wiley Online Library}
}

@article{bakic2002mammogram2,
  title =        {Mammogram synthesis using a 3D
                  simulation. II. Evaluation of synthetic mammogram
                  texture},
  author =       {Bakic, Predrag R and Albert, Michael and Brzakovic,
                  Dragana and Maidment, Andrew DA},
  journal =      {Medical physics},
  volume =       29,
  number =       9,
  pages =        {2140--2151},
  year =         2002,
  publisher =    {Wiley Online Library}
}

@article{bakic2003mammogram,
  title =        {Mammogram synthesis using a three-dimensional
                  simulation. III. Modeling and evaluation of the
                  breast ductal network},
  author =       {Bakic, Predrag R and Albert, Michael and Brzakovic,
                  Dragana and Maidment, Andrew DA},
  journal =      {Medical Physics},
  volume =       30,
  number =       7,
  pages =        {1914--1925},
  year =         2003,
  publisher =    {Wiley Online Library}
}

@article{bakic2011development,
  title =        {Development and characterization of an
                  anthropomorphic breast software phantom based upon
                  region-growing algorithm},
  author =       {Bakic, Predrag R and Zhang, Cuiping and Maidment,
                  Andrew DA},
  journal =      {Medical Physics},
  volume =       38,
  number =       6,
  pages =        {3165--3176},
  year =         2011,
  publisher =    {Wiley Online Library}
}

@article{pokrajac2012optimized,
  title =        {Optimized generation of high resolution breast
                  anthropomorphic software phantoms},
  author =       {Pokrajac, David D and Maidment, Andrew DA and Bakic,
                  Predrag R},
  journal =      {Medical physics},
  volume =       39,
  number =       4,
  pages =        {2290--2302},
  year =         2012,
  publisher =    {Wiley Online Library}
}

@inproceedings{bakic2014realistic,
  title =        {Realistic simulation of breast tissue microstructure
                  in software anthropomorphic phantoms},
  author =       {Bakic, Predrag R and Pokrajac, David D and De Caro,
                  Raffaele and Maidment, Andrew DA},
  booktitle =    {International Workshop on Digital Mammography},
  pages =        {348--355},
  year =         2014,
  organization = {Springer}
}

@article{chen2015description,
  title =        {Description and characterization of a novel method
                  for partial volume simulation in software breast
                  phantoms},
  author =       {Chen, Feiyu and Bakic, Predrag R and Maidment,
                  Andrew DA and Jensen, Shane T and Shi, Xiquan and
                  Pokrajac, David D},
  journal =      {IEEE transactions on medical imaging},
  volume =       34,
  number =       10,
  pages =        {2146--2161},
  year =         2015,
  publisher =    {IEEE}
}

@inproceedings{pokrajac2016reduction,
  title =        {Reduction of artifacts in computer simulation of
                  breast Cooper's ligaments},
  author =       {Pokrajac, David D and Kuperavage, Adam and Maidment,
                  Andrew DA and Bakic, Predrag R},
  booktitle =    {SPIE Medical Imaging},
  pages =        {97832Q--97832Q},
  year =         2016,
  organization = {International Society for Optics and Photonics}
}

@article{mahr2012three,
  title =        {Three-dimensional in silico breast phantoms for
                  multimodal image simulations},
  author =       {Mahr, David M and Bhargava, Rohit and Insana,
                  Michael F},
  journal =      {IEEE transactions on medical imaging},
  volume =       31,
  number =       3,
  pages =        {689--697},
  year =         2012,
  publisher =    {IEEE}
}

@inproceedings{carton2014virtual,
  title =        {A virtual human breast phantom using surface meshes
                  and geometric internal structures},
  author =       {Carton, Ann-Katherine and Grisey, Anthony and de
                  Carvalho, Pablo Milioni and Dromain, Clarisse and
                  Muller, Serge},
  booktitle =    {International Workshop on Digital Mammography},
  pages =        {356--363},
  year =         2014,
  organization = {Springer}
}

@article{bliznakova2003three,
  title =        {A three-dimensional breast software phantom for
                  mammography simulation},
  author =       {Bliznakova, K and Bliznakov, Z and Bravou, V and
                  Kolitsi, Z and Pallikarakis, N},
  journal =      {Physics in medicine and biology},
  volume =       48,
  number =       22,
  pages =        3699,
  year =         2003,
  publisher =    {IOP Publishing}
}

%----------------------------------------------------%
%-------------- Texture characterization ------------%
%----------------------------------------------------%

@article{engstrom2009comparison,
  title =        {Comparison of power spectra for tomosynthesis
                  projections and reconstructed images},
  author =       {Engstrom, Emma and Reiser, Ingrid and Nishikawa,
                  Robert},
  journal =      {Medical physics},
  volume =       36,
  number =       5,
  pages =        {1753--1758},
  year =         2009,
  publisher =    {Wiley Online Library}
}

@article{metheany2008characterizing,
  title =        {Characterizing anatomical variability in breast CT
                  images},
  author =       {Metheany, Kathrine G and Abbey, Craig K and Packard,
                  Nathan and Boone, John M},
  journal =      {Medical physics},
  volume =       35,
  number =       10,
  pages =        {4685--4694},
  year =         2008,
  publisher =    {Wiley Online Library}
}

@article{chen2012anatomical,
  title =        {Anatomical complexity in breast parenchyma and its
                  implications for optimal breast imaging strategies},
  author =       {Chen, Lin and Abbey, Craig K and Nosratieh, Anita
                  and Lindfors, Karen K and Boone, John M},
  journal =      {Medical physics},
  volume =       39,
  number =       3,
  pages =        {1435--1441},
  year =         2012,
  publisher =    {Wiley Online Library}
}

@article{gang2010anatomical,
  title =        {Anatomical background and generalized detectability
                  in tomosynthesis and cone-beam CT},
  author =       {Gang, GJ and Tward, DJ and Lee, J and Siewerdsen,
                  JH},
  journal =      {Medical physics},
  volume =       37,
  number =       5,
  pages =        {1948--1965},
  year =         2010,
  publisher =    {Wiley Online Library}
}

@article{abbey2012non,
  title =        {Non-Gaussian statistical properties of breast
                  images},
  author =       {Abbey, Craig K and Nosratieh, Anita and
                  Sohl-Dickstein, Jascha and Yang, Kai and Boone, John
                  M},
  journal =      {Medical physics},
  volume =       39,
  number =       11,
  pages =        {7121--7130},
  year =         2012,
  publisher =    {Wiley Online Library}
}

@inproceedings{li2015effect,
  title =        {The effect of NPS calculation method on power-law
                  coefficient estimation accuracy in breast texture
                  modeling},
  author =       {Li, Zhijin and Carton, Ann-Katherine and Muller,
                  Serge and Iordache, R{\u{a}}zvan and Desolneux,
                  Agn{\`e}s},
  booktitle =    {SPIE Medical Imaging},
  pages =        {94161I--94161I},
  year =         2015,
  organization = {International Society for Optics and Photonics}
}

@article{reiser2011orientation,
  title =        {On the orientation of mammographic structure},
  author =       {Reiser, I and Lee, S and Nishikawa, RM},
  journal =      {Medical physics},
  volume =       38,
  number =       10,
  pages =        {5303--5306},
  year =         2011,
  publisher =    {Wiley Online Library}
}

@inproceedings{lau2011issues,
  title =        {Issues in characterizing anatomic structure in
                  digital breast tomosynthesis},
  author =       {Lau, Beverly A and Reiser, Ingrid and Nishikawa,
                  Robert M},
  booktitle =    {SPIE Medical Imaging},
  pages =        {796113--796113},
  year =         2011,
  organization = {International Society for Optics and Photonics}
}

@inproceedings{li2016novel,
  title =        {A novel 3D stochastic solid breast texture model for
                  x-ray breast imaging},
  author =       {Li, Zhijin and Desolneux, Agn{\`e}s and Muller,
                  Serge and Carton, Ann-Katherine},
  booktitle =    {International Workshop on Digital Mammography},
  pages =        {660--667},
  year =         2016,
  organization = {Springer}
}

@article{hill2013anatomical,
  title =        {Anatomical noise in contrast-enhanced digital
                  mammography. Part II. Dual-energy imaging},
  author =       {Hill, Melissa L and Mainprize, James G and Carton,
                  Ann-Katherine and Saab-Puong, Sylvie and Iordache,
                  R{\u{a}}zvan and Muller, Serge and Jong, Roberta A
                  and Dromain, Clarisse and Yaffe, Martin J},
  journal =      {Medical physics},
  volume =       40,
  number =       8,
  year =         2013,
  publisher =    {Wiley Online Library}
}

@article{depeursinge2014three,
  title =        {Three-dimensional solid texture analysis in
                  biomedical imaging: Review and opportunities},
  author =       {Depeursinge, Adrien and Foncubierta-Rodriguez,
                  Antonio and Van De Ville, Dimitri and M{\"u}ller,
                  Henning},
  journal =      {Medical image analysis},
  volume =       18,
  number =       1,
  pages =        {176--196},
  year =         2014,
  publisher =    {Elsevier}
}

@article{chen2011anthropomorphic,
  title =        {An anthropomorphic breast model for breast imaging
                  simulation and optimization},
  author =       {Chen, Baiyu and Shorey, Jamie and Saunders, Robert S
                  and Richard, Samuel and Thompson, John and Nolte,
                  Loren W and Samei, Ehsan},
  journal =      {Academic radiology},
  volume =       18,
  number =       5,
  pages =        {536--546},
  year =         2011,
  publisher =    {Elsevier}
}

@book{vanmarcke2010random,
  title =        {Random fields: analysis and synthesis},
  author =       {Vanmarcke, Erik},
  year =         2010,
  publisher =    {World Scientific Publishing Co Inc}
}

@article{elangovan2017design,
  title =        {Design and validation of realistic breast models for
                  use in multiple alternative forced choice virtual
                  clinical trials},
  author =       {Elangovan, Premkumar and Mackenzie, Alistair and
                  Dance, David R and Young, Kenneth C and Cooke,
                  Victoria and Wilkinson, Louise and Given-Wilson,
                  Rosalind M and Wallis, Matthew G and Wells, Kevin},
  journal =      {Physics in Medicine and Biology},
  volume =       62,
  number =       7,
  pages =        2778,
  year =         2017,
  publisher =    {IOP Publishing}
}

@inproceedings{graff2016new,
  title =        {A new open-source multi-modality digital breast
                  phantom},
  author =       {Graff, Christian G},
  booktitle =    {SPIE Medical Imaging},
  pages =        {978309--978309},
  year =         2016,
  organization = {International Society for Optics and Photonics}
}

@article{bochud1999statistical,
  title =        {Statistical texture synthesis of mammographic images
                  with clustered lumpy backgrounds},
  author =       {Bochud, Fran{\c{c}}ois O and Abbey, Craig K and
                  Eckstein, Miguel P},
  journal =      {Optics express},
  volume =       4,
  number =       1,
  pages =        {33--43},
  year =         1999,
  publisher =    {Optical Society of America}
}

@article{castella2008mammographic,
  title =        {Mammographic texture synthesis: second-generation
                  clustered lumpy backgrounds using a genetic
                  algorithm},
  author =       {Castella, Cyril and Kinkel, Karen and Descombes,
                  Fran{\c{c}}ois and Eckstein, Miguel P and Sottas,
                  Pierre-Edouard and Verdun, Francis R and Bochud,
                  Fran{\c{c}}ois O},
  journal =      {Optics express},
  volume =       16,
  number =       11,
  pages =        {7595--7607},
  year =         2008,
  publisher =    {Optical Society of America}
}

@techreport{thomas2015segmentation,
  author =       {Thomas Almecija},
  title =        {Development of an anthropomorphic software model of
                  the female breast},
  submissiondate ={2015/08/31},
  year =         2015,
  type =         {Master thesis},
  institution =  {Ecole Sup\'{e}rieure d'Electricit\'{e}},
}
